<record><leader>00000cas a22000007a 4500</leader><controlfield tag="001">17915558</controlfield><controlfield tag="008">880506d19631968iaumr ne      0    0eng d</controlfield><datafield ind1=" " ind2=" " tag="010"><subfield code="a">sn 88059402 </subfield></datafield><datafield ind1=" " ind2=" " tag="040"><subfield code="a">INP</subfield><subfield code="b">eng</subfield><subfield code="c">INP</subfield><subfield code="d">OCLCQ</subfield></datafield><datafield ind1=" " ind2=" " tag="042"><subfield code="a">msc</subfield></datafield><datafield ind1="0" ind2="4" tag="245"><subfield code="a">The Sabula post-gazette.</subfield></datafield><datafield ind1="3" ind2="0" tag="246"><subfield code="a">Post gazette</subfield></datafield><datafield ind1=" " ind2=" " tag="260"><subfield code="a">Sabula, Iowa :</subfield><subfield code="b">J.L. Petersen,</subfield><subfield code="c">1963-1968.</subfield></datafield><datafield ind1=" " ind2=" " tag="300"><subfield code="a">4 v.</subfield></datafield><datafield ind1=" " ind2=" " tag="310"><subfield code="a">Monthly,</subfield><subfield code="b">1966-1968</subfield></datafield><datafield ind1=" " ind2=" " tag="321"><subfield code="a">Weekly,</subfield><subfield code="b">1963-Sept. 2, 1965</subfield></datafield><datafield ind1=" " ind2=" " tag="321"><subfield code="a">Quarterly,</subfield><subfield code="b">Sept.-Nov. 1965</subfield></datafield><datafield ind1="0" ind2=" " tag="362"><subfield code="a">Vol. 1, no. 1 (Oct. 3, 1963)-v. 4, no. 4 (Jan. 9, 1968).</subfield></datafield><datafield ind1=" " ind2=" " tag="500"><subfield code="a">Title varies slightly.</subfield></datafield><datafield ind1=" " ind2=" " tag="515"><subfield code="a">Issues not published Oct. 10, 1963 and Dec. 1965; v. 2, no. 49-52 omitted in numbering.</subfield></datafield><datafield ind1=" " ind2=" " tag="752"><subfield code="a">United States</subfield><subfield code="b">Iowa</subfield><subfield code="c">Jackson</subfield><subfield code="d">Sabula.</subfield></datafield><datafield ind1="0" ind2="0" tag="780"><subfield code="t">Sabula gazette (Sabula, Iowa : 1902)</subfield><subfield code="w">(DLC)sn 87058110</subfield></datafield></record>